@techreport{ublox2019sara,
  author = {{u-blox}},
  title = {{SARA-R5 series data sheet}},
  institution = {u-blox},
  year = {2019},
  note = {Document number: UBX-19016638},
  url = {https://www.mouser.com/pdfDocs/SARA-R5_DataSheet_UBX-19016638.pdf},
  urldate = {2025-03-20}
}
@article{elephantmap,
author = {Padalia, Hitendra and Ghosh, Surajit and Chintala, Sudhakar Reddy and Nandy, Subrata and Singh, Sarnam and Kumar, Senthil},
year = {2020},
month = {01},
pages = {},
title = {Assessment of historical forest cover loss and fragmentation in Asian elephant ranges in India},
volume = {191},
journal = {Environmental Monitoring and Assessment},
doi = {10.1007/s10661-019-7696-5}
}
@article{mekki2019comparative,
  author = {Mekki, Kais and Bajic, Eddy and Chaxel, Frederic and Meyer, Fernand},
  title = {A comparative study of LPWAN technologies for large-scale IoT deployment},
  journal = {ICT Express},
  volume = {5},
  number = {1},
  pages = {1--7},
  year = {2019},
  publisher = {Elsevier},
  doi = {10.1016/j.icte.2017.12.005},
  url = {https://ieeexplore.ieee.org/document/8644481}
}

@techreport{semtech2019sx1261,
  author = {{Semtech Corporation}},
  title = {{SX1261/2 Long Range, Low Power, sub-GHz RF Transceiver}},
  institution = {Semtech Corporation},
  year = {2019},
  note = {Rev. 1.1},
  url = {https://www.mouser.com/datasheet/2/761/DS_SX1261-2_V1.1-1307803.pdf},
  urldate = {2025-03-20}
}

@online{jio2022iot,
  author = {{Jio Business}},
  title = {{IoT Services}},
  year = {2022},
  url = {https://www.jio.com/business/services/iot/},
  urldate = {2025-03-20}
}

@online{telcel2022network,
  author = {{Telcel}},
  title = {{La Red de Mayor Cobertura}},
  year = {2022},
  url = {https://www.telcel.com/personas/la-red-de-mayor-cobertura/red-tecnologia/4g},
  urldate = {2025-03-20}
}